<record><leader>00000cas a2200000 a 4500</leader><controlfield tag="001">38212280</controlfield><controlfield tag="008">980116d19uu1uuumiuwr n       0    0eng c</controlfield><datafield ind1=" " ind2=" " tag="010"><subfield code="a">sn 97070510 </subfield></datafield><datafield ind1=" " ind2=" " tag="040"><subfield code="a">MHN</subfield><subfield code="b">eng</subfield><subfield code="c">MHN</subfield><subfield code="d">OCL</subfield><subfield code="d">OCLCQ</subfield><subfield code="d">OCLCF</subfield><subfield code="d">OCLCO</subfield></datafield><datafield ind1="1" ind2=" " tag="029"><subfield code="a">AU@</subfield><subfield code="b">000013708320</subfield></datafield><datafield ind1=" " ind2=" " tag="042"><subfield code="a">pcc</subfield></datafield><datafield ind1=" " ind2=" " tag="043"><subfield code="a">n-us-mi</subfield></datafield><datafield ind1="0" ind2=" " tag="130"><subfield code="a">Herald review (Royal Oak, Mich.)</subfield></datafield><datafield ind1="1" ind2="4" tag="245"><subfield code="a">The herald-review.</subfield></datafield><datafield ind1=" " ind2=" " tag="260"><subfield code="a">Royal Oak, Mich. :</subfield><subfield code="b">[s.n.]</subfield></datafield><datafield ind1=" " ind2=" " tag="300"><subfield code="a">v.</subfield></datafield><datafield ind1=" " ind2=" " tag="310"><subfield code="a">Weekly</subfield></datafield><datafield ind1="0" ind2=" " tag="362"><subfield code="a">-v. 14, no. 36 (Sept. 4, 1941) ; 5th yr., v. 5, no. 41 (Sept. 11, 1941) ; v. 14, no. 38 (Sept. 18, 1941) ; 7th yr., v. 7, no. 8 (Sept. 25, 1941)-</subfield></datafield><datafield ind1=" " ind2=" " tag="500"><subfield code="a">Under title on masthead: "Of the people-covering Southern Oakland County-for the people."</subfield></datafield><datafield ind1=" " ind2=" " tag="500"><subfield code="a">Consolidated with the Independent (Royal Oak, Mich.)--June 29, 1939.</subfield></datafield><datafield ind1=" " ind2=" " tag="500"><subfield code="a">Issue for Sept. 11, 1941 was published in Clawson, Mich.</subfield></datafield><datafield ind1=" " ind2=" " tag="515"><subfield code="a">Numbering very irregular.</subfield></datafield><datafield ind1=" " ind2=" " tag="580"><subfield code="a">Absorbed: Independent (Royal Oak, Mich.)?</subfield></datafield><datafield ind1=" " ind2=" " tag="588"><subfield code="a">Description based on: Vol. 10, no. 49 (Nov. 23, 1937).</subfield></datafield><datafield ind1=" " ind2="0" tag="651"><subfield code="a">Royal Oak (Mich.)</subfield><subfield code="v">Newspapers.</subfield></datafield><datafield ind1=" " ind2="0" tag="651"><subfield code="a">Oakland County (Mich.)</subfield><subfield code="v">Newspapers.</subfield></datafield><datafield ind1=" " ind2="7" tag="655"><subfield code="a">Newspapers.</subfield><subfield code="2">fast</subfield><subfield code="0">(OCoLC)fst01423814</subfield></datafield><datafield ind1=" " ind2="7" tag="651"><subfield code="a">Michigan</subfield><subfield code="z">Oakland County.</subfield><subfield code="2">fast</subfield><subfield code="0">(OCoLC)fst01214740</subfield></datafield><datafield ind1=" " ind2="7" tag="651"><subfield code="a">Michigan</subfield><subfield code="z">Royal Oak.</subfield><subfield code="2">fast</subfield><subfield code="0">(OCoLC)fst01202966</subfield></datafield><datafield ind1=" " ind2=" " tag="752"><subfield code="a">United States</subfield><subfield code="b">Michigan</subfield><subfield code="c">Oakland</subfield><subfield code="d">Royal Oak.</subfield></datafield><datafield ind1="1" ind2="5" tag="780"><subfield code="a">Independent (Royal Oak, Mich.)</subfield></datafield></record>